@article{defocusedVSobjective,
  author = {Heikkinen, Juuso and Schajer, Gary S},
  title = {Remote Surface Motion Measurements Using Defocused Speckle Imaging},
  journal = {Optics and Lasers in Engineering},
  volume = {130},
  pages = {106091},
  year = {2020},
  month = {July},
  doi = {10.1016/j.optlaseng.2020.106091},
  url = {https://doi.org/10.1016/j.optlaseng.2020.106091}
}
@article{lasershoes,
  author = {Yan, Zihan and Lin, Yuxiaotong and Wang, Guanyun and Cai, Yu and Cao, Peng and Mi, Haipeng and Zhang, Yang},
  title = {LaserShoes: Low-Cost Ground Surface Detection Using Laser Speckle Imaging},
  booktitle = {Proceedings of the 2023 CHI Conference on Human Factors in Computing Systems},
  pages = {1--20},
  year = {2023},
  publisher = {ACM},
  address = {Hamburg, Germany},
  doi = {10.1145/3544548.3581344},
  url = {https://doi.org/10.1145/3544548.3581344}
}
@article{specklesize,
  author = {Cloud, Gary},
  title = {Optical Methods in Experimental Mechanics.: Part 27: Speckle Size Estimates},
  journal = {Experimental Techniques},
  volume = {31},
  number = {3},
  pages = {19--22},
  year = {2007},
  month = {May},
  doi = {10.1111/j.1747-1567.2007.00201.x},
  url = {https://doi.org/10.1111/j.1747-1567.2007.00201.x}
}

@article{LDVreview,
  author       = {Rothberg, S. J. and Allen, M. S. and Castellini, P. and Di Maio, D. and Dirckx, J. J. J. and Ewins, D. J. and Halkon, B. J. and others},
  title        = {An International Review of Laser Doppler Vibrometry: Making Light Work of Vibration Measurement},
  journal      = {Optics and Lasers in Engineering},
  volume       = {99},
  pages        = {11--22},
  year         = {2017},
  month        = {December},
  doi          = {10.1016/j.optlaseng.2016.10.023},
  url          = {https://doi.org/10.1016/j.optlaseng.2016.10.023}
}

@article{milkdrop,
author = {Chan, Justin and Raghunath, Ananditha and Michaelsen, Kelly E. and Gollakota, Shyamnath},
title = {Testing a Drop of Liquid Using Smartphone LiDAR},
year = {2022},
issue_date = {March 2022},
publisher = {Association for Computing Machinery},
address = {New York, NY, USA},
volume = {6},
number = {1},
url = {https://doi.org/10.1145/3517256},
doi = {10.1145/3517256},
journal = {Proc. ACM Interact. Mob. Wearable Ubiquitous Technol.},
month = mar,
articleno = {3},
numpages = {27},
keywords = {laser speckle, lidar, liquid testing}
}

@article{veber2011laserMASK,
  author = {Veber, A. A. and Lyashedko, A. and Sholokhov, E. and Trikshev, A. and Kurkov, A. and Pyrkov, Y. and Veber, A. E. and Seregin, V. and Tsvetkov, V.},
  title = {Laser Vibrometry Based on Analysis of the Speckle Pattern from a Remote Object},
  journal = {Applied Physics B},
  volume = {105},
  number = {3},
  pages = {613--617},
  year = {2011},
  month = {November},
  doi = {10.1007/s00340-011-4585-1},
  url = {https://doi.org/10.1007/s00340-011-4585-1}
}

@Article{camvibration,
author = {Rinaldo Paar and Ante Marendić and Ivan Jakopec and Igor Grgac},
title = {Vibration Monitoring of Civil Engineering Structures Using Contactless Vision-Based Low-Cost IATS Prototype},
journal = {Sensors},
volume = {21},
number = {23},
pages = {7952},
year = {2021},
doi = {10.3390/s21237952},
publisher = {MDPI}
}

@article{cm-highfreq,
	author = {Hassan, Ietezaz Ul and Panduru, Krishna and Walsh, Joseph},
	journal = {Sensors},
	number = {3},
	title = {An In-Depth Study of Vibration Sensors for Condition Monitoring},
	volume = {24},
	year = {2024}

}
@article{specklesizeANDstructure,
title={Does the structure of light influence the speckle size?},
author={Hu, Xiao-Bei and Dong, Ming-Xuan and Zhu, Zi-Hao and Gao, Wen-Kai and Rosales-Guzmán, Carmelo},
journal={Scientific Reports},
volume={10},
pages={199},
year={2020},
publisher={Nature Publishing Group},
doi={10.1038/s41598-019-56964-0}
}

@article{structured-light-speckle,
author = {Streli, Paul and Jiang, Jiaxi and Rossie, Juliete and Holz, Christian},
title = {Structured Light Speckle: Joint Ego-Centric Depth Estimation and Low-Latency Contact Detection via Remote Vibrometry},
year = {2023},
isbn = {9798400701320},
publisher = {Association for Computing Machinery},
address = {New York, NY, USA},
url = {https://doi.org/10.1145/3586183.3606749},
doi = {10.1145/3586183.3606749},
booktitle = {Proceedings of the 36th Annual ACM Symposium on User Interface Software and Technology},
articleno = {26},
numpages = {12},
keywords = {Augmented Reality, Laser Vibrometry, Mixed Reality, Structured Light., Surface Reconstruction, Touch Sensing, Virtual Reality},
location = {San Francisco, CA, USA},
series = {UIST '23}
}


@misc{lt1800,
year = {2009},
  author = {Analog Devices},
  title = {LT1800 Datasheet},
  note = {Accessed October 2024},
  url = {https://www.analog.com/media/en/technical-documentation/data-sheets/1800fa.pdf}
}